@ARTICLE{MandelAgol2002,
   author = {{Mandel}, K. and {Agol}, E.},
    title = "{Analytic Light Curves for Planetary Transit Searches}",
  journal = {ApJL},
   eprint = {astro-ph/0210099},
 keywords = {Stars: Binaries: Eclipsing, Eclipses, Occultations, Stars: Planetary Systems},
     year = 2002,
    month = dec,
   volume = 580,
    pages = {L171-L175},
      doi = {10.1086/345520},
   adsurl = {http://adsabs.harvard.edu/abs/2002ApJ...580L.171M},
  adsnote = {Provided by the SAO/NASA Astrophysics Data System}
}

@ARTICLE{Kreidberg2015,
   author = {{Kreidberg}, L.},
    title = "{batman: BAsic Transit Model cAlculatioN in Python}",
  journal = {PASP},
archivePrefix = "arXiv",
   eprint = {1507.08285},
 primaryClass = "astro-ph.EP",
     year = 2015,
    month = nov,
   volume = 127,
    pages = {1161},
      doi = {10.1086/683602},
   adsurl = {http://adsabs.harvard.edu/abs/2015PASP..127.1161K},
  adsnote = {Provided by the SAO/NASA Astrophysics Data System}
}

@ARTICLE{starry,
   author = {{Luger}, R. and {Agol}, E. and {Lustig-Yaeger}, J. and
            {Fleming}, D. and {Foreman-Mackey}, D. and {Deitrick}, R.},
    title = "{STARRY: Analytical Occultation Light Curves}",
  journal = {ApJ},
     year = 2018,
    month = jul,
   volume = {XX},
    pages = {YY}
}
